%YAML 1.1
%TAG !u! tag:unity3d.com,2011:
--- !u!29 &1
SceneSettings:
  m_ObjectHideFlags: 0
  m_PVSData: 
  m_PVSObjectsArray: []
  m_PVSPortalsArray: []
  m_OcclusionBakeSettings:
    smallestOccluder: 5
    smallestHole: .25
    backfaceThreshold: 100
--- !u!104 &2
RenderSettings:
  m_Fog: 0
  m_FogColor: {r: .5, g: .5, b: .5, a: 1}
  m_FogMode: 3
  m_FogDensity: .00999999978
  m_LinearFogStart: 0
  m_LinearFogEnd: 300
  m_AmbientLight: {r: .200000003, g: .200000003, b: .200000003, a: 1}
  m_SkyboxMaterial: {fileID: 0}
  m_HaloStrength: .5
  m_FlareStrength: 1
  m_FlareFadeSpeed: 3
  m_HaloTexture: {fileID: 0}
  m_SpotCookie: {fileID: 0}
  m_ObjectHideFlags: 0
--- !u!127 &3
LevelGameManager:
  m_ObjectHideFlags: 0
--- !u!157 &4
LightmapSettings:
  m_ObjectHideFlags: 0
  m_LightProbes: {fileID: 0}
  m_Lightmaps: []
  m_LightmapsMode: 1
  m_BakedColorSpace: 0
  m_UseDualLightmapsInForward: 0
  m_LightmapEditorSettings:
    m_Resolution: 50
    m_LastUsedResolution: 0
    m_TextureWidth: 1024
    m_TextureHeight: 1024
    m_BounceBoost: 1
    m_BounceIntensity: 1
    m_SkyLightColor: {r: .860000014, g: .930000007, b: 1, a: 1}
    m_SkyLightIntensity: 0
    m_Quality: 0
    m_Bounces: 1
    m_FinalGatherRays: 1000
    m_FinalGatherContrastThreshold: .0500000007
    m_FinalGatherGradientThreshold: 0
    m_FinalGatherInterpolationPoints: 15
    m_AOAmount: 0
    m_AOMaxDistance: .100000001
    m_AOContrast: 1
    m_LODSurfaceMappingDistance: 1
    m_Padding: 0
    m_TextureCompression: 0
    m_LockAtlas: 0
--- !u!196 &5
NavMeshSettings:
  m_ObjectHideFlags: 0
  m_BuildSettings:
    agentRadius: .5
    agentHeight: 2
    agentSlope: 45
    agentClimb: .400000006
    ledgeDropHeight: 0
    maxJumpAcrossDistance: 0
    accuratePlacement: 0
    minRegionArea: 2
    widthInaccuracy: 16.666666
    heightInaccuracy: 10
  m_NavMesh: {fileID: 0}
--- !u!1 &49340506
GameObject:
  m_ObjectHideFlags: 0
  m_PrefabParentObject: {fileID: 0}
  m_PrefabInternal: {fileID: 0}
  serializedVersion: 4
  m_Component:
  - 4: {fileID: 49340507}
  m_Layer: 0
  m_Name: spawn1
  m_TagString: Spawner
  m_Icon: {fileID: 0}
  m_NavMeshLayer: 0
  m_StaticEditorFlags: 0
  m_IsActive: 1
--- !u!4 &49340507
Transform:
  m_ObjectHideFlags: 0
  m_PrefabParentObject: {fileID: 0}
  m_PrefabInternal: {fileID: 0}
  m_GameObject: {fileID: 49340506}
  m_LocalRotation: {x: 0, y: 0, z: 0, w: 1}
  m_LocalPosition: {x: -39.046917, y: -4.39121962, z: 0}
  m_LocalScale: {x: 1, y: 1, z: 1}
  m_Children: []
  m_Father: {fileID: 0}
  m_RootOrder: 8
--- !u!1 &114598345
GameObject:
  m_ObjectHideFlags: 0
  m_PrefabParentObject: {fileID: 0}
  m_PrefabInternal: {fileID: 0}
  serializedVersion: 4
  m_Component:
  - 4: {fileID: 114598349}
  - 33: {fileID: 114598348}
  - 23: {fileID: 114598347}
  - 61: {fileID: 114598346}
  m_Layer: 0
  m_Name: Platform1
  m_TagString: Untagged
  m_Icon: {fileID: 0}
  m_NavMeshLayer: 0
  m_StaticEditorFlags: 0
  m_IsActive: 1
--- !u!61 &114598346
BoxCollider2D:
  m_ObjectHideFlags: 0
  m_PrefabParentObject: {fileID: 0}
  m_PrefabInternal: {fileID: 0}
  m_GameObject: {fileID: 114598345}
  m_Enabled: 1
  m_Material: {fileID: 0}
  m_IsTrigger: 0
  m_Size: {x: .99999994, y: 1}
  m_Center: {x: 0, y: 0}
--- !u!23 &114598347
Renderer:
  m_ObjectHideFlags: 0
  m_PrefabParentObject: {fileID: 0}
  m_PrefabInternal: {fileID: 0}
  m_GameObject: {fileID: 114598345}
  m_Enabled: 1
  m_CastShadows: 1
  m_ReceiveShadows: 1
  m_LightmapIndex: 255
  m_LightmapTilingOffset: {x: 1, y: 1, z: 0, w: 0}
  m_Materials:
  - {fileID: 10302, guid: 0000000000000000f000000000000000, type: 0}
  m_SubsetIndices: 
  m_StaticBatchRoot: {fileID: 0}
  m_UseLightProbes: 0
  m_LightProbeAnchor: {fileID: 0}
  m_ScaleInLightmap: 1
  m_SortingLayerID: 0
  m_SortingOrder: 0
--- !u!33 &114598348
MeshFilter:
  m_ObjectHideFlags: 0
  m_PrefabParentObject: {fileID: 0}
  m_PrefabInternal: {fileID: 0}
  m_GameObject: {fileID: 114598345}
  m_Mesh: {fileID: 10202, guid: 0000000000000000e000000000000000, type: 0}
--- !u!4 &114598349
Transform:
  m_ObjectHideFlags: 0
  m_PrefabParentObject: {fileID: 0}
  m_PrefabInternal: {fileID: 0}
  m_GameObject: {fileID: 114598345}
  m_LocalRotation: {x: 0, y: 0, z: 0, w: 1}
  m_LocalPosition: {x: 0, y: -2.17000008, z: 0}
  m_LocalScale: {x: 27.1800003, y: 1, z: 1}
  m_Children:
  - {fileID: 999020282}
  m_Father: {fileID: 0}
  m_RootOrder: 2
--- !u!1 &184571466
GameObject:
  m_ObjectHideFlags: 0
  m_PrefabParentObject: {fileID: 0}
  m_PrefabInternal: {fileID: 0}
  serializedVersion: 4
  m_Component:
  - 4: {fileID: 184571467}
  m_Layer: 0
  m_Name: spawn2
  m_TagString: Spawner
  m_Icon: {fileID: 0}
  m_NavMeshLayer: 0
  m_StaticEditorFlags: 0
  m_IsActive: 1
--- !u!4 &184571467
Transform:
  m_ObjectHideFlags: 0
  m_PrefabParentObject: {fileID: 0}
  m_PrefabInternal: {fileID: 0}
  m_GameObject: {fileID: 184571466}
  m_LocalRotation: {x: 0, y: 0, z: 0, w: 1}
  m_LocalPosition: {x: 17.8911781, y: 7.75162363, z: 0}
  m_LocalScale: {x: 1, y: 1, z: 1}
  m_Children: []
  m_Father: {fileID: 0}
  m_RootOrder: 9
--- !u!1 &202283370
GameObject:
  m_ObjectHideFlags: 0
  m_PrefabParentObject: {fileID: 0}
  m_PrefabInternal: {fileID: 0}
  serializedVersion: 4
  m_Component:
  - 4: {fileID: 202283374}
  - 33: {fileID: 202283373}
  - 23: {fileID: 202283372}
  - 61: {fileID: 202283371}
  m_Layer: 0
  m_Name: Platform2
  m_TagString: Untagged
  m_Icon: {fileID: 0}
  m_NavMeshLayer: 0
  m_StaticEditorFlags: 0
  m_IsActive: 1
--- !u!61 &202283371
BoxCollider2D:
  m_ObjectHideFlags: 0
  m_PrefabParentObject: {fileID: 0}
  m_PrefabInternal: {fileID: 0}
  m_GameObject: {fileID: 202283370}
  m_Enabled: 1
  m_Material: {fileID: 0}
  m_IsTrigger: 0
  m_Size: {x: .99999994, y: 1}
  m_Center: {x: 0, y: 0}
--- !u!23 &202283372
Renderer:
  m_ObjectHideFlags: 0
  m_PrefabParentObject: {fileID: 0}
  m_PrefabInternal: {fileID: 0}
  m_GameObject: {fileID: 202283370}
  m_Enabled: 1
  m_CastShadows: 1
  m_ReceiveShadows: 1
  m_LightmapIndex: 255
  m_LightmapTilingOffset: {x: 1, y: 1, z: 0, w: 0}
  m_Materials:
  - {fileID: 10302, guid: 0000000000000000f000000000000000, type: 0}
  m_SubsetIndices: 
  m_StaticBatchRoot: {fileID: 0}
  m_UseLightProbes: 0
  m_LightProbeAnchor: {fileID: 0}
  m_ScaleInLightmap: 1
  m_SortingLayerID: 0
  m_SortingOrder: 0
--- !u!33 &202283373
MeshFilter:
  m_ObjectHideFlags: 0
  m_PrefabParentObject: {fileID: 0}
  m_PrefabInternal: {fileID: 0}
  m_GameObject: {fileID: 202283370}
  m_Mesh: {fileID: 10202, guid: 0000000000000000e000000000000000, type: 0}
--- !u!4 &202283374
Transform:
  m_ObjectHideFlags: 0
  m_PrefabParentObject: {fileID: 0}
  m_PrefabInternal: {fileID: 0}
  m_GameObject: {fileID: 202283370}
  m_LocalRotation: {x: 0, y: 0, z: 0, w: 1}
  m_LocalPosition: {x: 20.4400005, y: 1.30999994, z: 0}
  m_LocalScale: {x: 27.1800003, y: 1, z: 1}
  m_Children:
  - {fileID: 899041163}
  m_Father: {fileID: 0}
  m_RootOrder: 3
--- !u!1 &245179522
GameObject:
  m_ObjectHideFlags: 0
  m_PrefabParentObject: {fileID: 0}
  m_PrefabInternal: {fileID: 0}
  serializedVersion: 4
  m_Component:
  - 4: {fileID: 245179525}
  - 212: {fileID: 245179524}
  - 60: {fileID: 245179523}
  m_Layer: 0
  m_Name: Spaceship_final_0
  m_TagString: Untagged
  m_Icon: {fileID: 0}
  m_NavMeshLayer: 0
  m_StaticEditorFlags: 0
  m_IsActive: 1
--- !u!60 &245179523
PolygonCollider2D:
  m_ObjectHideFlags: 0
  m_PrefabParentObject: {fileID: 0}
  m_PrefabInternal: {fileID: 0}
  m_GameObject: {fileID: 245179522}
  m_Enabled: 1
  m_Material: {fileID: 0}
  m_IsTrigger: 0
  m_Poly:
    m_Paths:
    - - {x: 2.34449458, y: -1.54855812}
      - {x: 2.70344591, y: -1.50368917}
      - {x: 3.17456937, y: -1.43638575}
      - {x: 3.69056201, y: -1.27934456}
      - {x: 4.34116125, y: -1.05500007}
      - {x: 5.28340816, y: -.583876431}
      - {x: 5.55262184, y: -.381966352}
      - {x: 5.64235973, y: -.29222852}
      - {x: 5.37314606, y: -.0903184041}
      - {x: 4.45333338, y: -.135187313}
      - {x: 4.36359549, y: -.0903184041}
      - {x: 3.87003756, y: .0218538772}
      - {x: 4.5655055, y: .313501805}
      - {x: 5.08149815, y: .335936278}
      - {x: 5.39558077, y: .380805194}
      - {x: 5.44044971, y: .425674081}
      - {x: 5.418015, y: .49297747}
      - {x: 5.61992502, y: .560280859}
      - {x: 5.64235973, y: .605149746}
      - {x: 5.64235973, y: .717322052}
      - {x: 4.99176025, y: 1.05383885}
      - {x: 4.16168547, y: 1.36792123}
      - {x: 3.5335207, y: 1.52496243}
      - {x: 3.26430726, y: 1.72687256}
      - {x: 3.08483148, y: 2.01852059}
      - {x: 2.99509382, y: 2.15312719}
      - {x: 2.74831462, y: 2.22043061}
      - {x: 2.12014985, y: 2.22043061}
      - {x: 2.07528114, y: 2.17556167}
      - {x: 2.07528114, y: 2.08582377}
      - {x: 2.86048698, y: 1.95121717}
      - {x: 3.03996277, y: 1.63713479}
      - {x: 2.81561804, y: 1.70443809}
      - {x: 1.87337089, y: 1.77174151}
      - {x: -2.18726563, y: 1.77174151}
      - {x: -2.18726563, y: 1.79417598}
      - {x: -4.67749023, y: 1.79417598}
      - {x: -5.35052395, y: 1.70443809}
      - {x: -5.44026184, y: 1.50252795}
      - {x: -5.41782761, y: 1.0987078}
      - {x: -5.0364418, y: 1.03140438}
      - {x: -4.74479389, y: .964101076}
      - {x: -4.85696602, y: .739756465}
      - {x: -4.87940073, y: .291067362}
      - {x: -4.83453178, y: -.539007545}
      - {x: -4.72235918, y: -.763352096}
      - {x: -5.0364418, y: -.920393288}
      - {x: -5.39539289, y: -.942827761}
      - {x: -5.44026184, y: -.987696648}
      - {x: -5.44026184, y: -1.43638575}
      - {x: -5.39539289, y: -1.52612364}
      - {x: -5.0364418, y: -1.59342694}
      - {x: -4.36340809, y: -1.63829589}
      - {x: -2.11996245, y: -1.63829589}
      - {x: -1.78344548, y: -1.61586142}
      - {x: -1.2450186, y: -1.57099259}
      - {x: -1.2450186, y: -1.54855812}
    - - {x: .774082541, y: -1.30177903}
      - {x: .751648068, y: -1.27934456}
      - {x: .0337454826, y: -1.21204126}
      - {x: -.280336916, y: -1.07743454}
      - {x: -.549550414, y: -1.01013112}
      - {x: -.841198325, y: -.830655456}
      - {x: -1.22258413, y: -.763352096}
      - {x: -3.17438173, y: -.763352096}
      - {x: -3.93715334, y: -.830655456}
      - {x: -4.38584232, y: -.673614264}
      - {x: -4.52044916, y: -.494138628}
      - {x: -4.45314598, y: -.000580579217}
      - {x: -4.45314598, y: .582715273}
      - {x: -4.34097338, y: 1.05383885}
      - {x: -4.07176018, y: 1.05383885}
      - {x: -3.6679399, y: .964101076}
      - {x: -3.24168515, y: .91923213}
      - {x: -1.8507489, y: .91923213}
      - {x: -1.64883876, y: .941666603}
      - {x: -1.20014966, y: .98653549}
      - {x: -1.02067399, y: 1.05383885}
      - {x: -.549550414, y: 1.32305241}
      - {x: -.325205833, y: 1.5473969}
      - {x: .145917758, y: 1.56983137}
      - {x: .392696798, y: 1.5473969}
      - {x: 1.04329598, y: 1.56983137}
      - {x: 1.60415745, y: 1.59226584}
      - {x: 1.69389522, y: 1.5473969}
      - {x: 2.32206011, y: 1.34548676}
      - {x: 2.52397013, y: 1.27818346}
      - {x: 3.062397, y: 1.05383885}
      - {x: 3.30917621, y: .829494298}
      - {x: 3.21943831, y: .762190938}
      - {x: 2.61370802, y: .650018632}
      - {x: 2.45666671, y: .537846386}
      - {x: 2.14258432, y: .156460613}
      - {x: 2.14258432, y: .111591704}
      - {x: 2.23232222, y: .0218538772}
      - {x: 2.5464046, y: -.000580579217}
      - {x: 3.1521349, y: -.000580579217}
      - {x: 3.57838964, y: -.067883946}
      - {x: 3.69056201, y: -.224925146}
      - {x: 3.98220992, y: -.449269712}
      - {x: 3.93734097, y: -.785786569}
      - {x: 3.51108623, y: -1.05500007}
      - {x: 2.83805251, y: -1.16717231}
      - {x: 2.43423223, y: -1.2569102}
      - {x: 1.98554325, y: -1.27934456}
--- !u!212 &245179524
SpriteRenderer:
  m_ObjectHideFlags: 0
  m_PrefabParentObject: {fileID: 0}
  m_PrefabInternal: {fileID: 0}
  m_GameObject: {fileID: 245179522}
  m_Enabled: 1
  m_CastShadows: 0
  m_ReceiveShadows: 0
  m_LightmapIndex: 255
  m_LightmapTilingOffset: {x: 1, y: 1, z: 0, w: 0}
  m_Materials:
  - {fileID: 10754, guid: 0000000000000000e000000000000000, type: 0}
  m_SubsetIndices: 
  m_StaticBatchRoot: {fileID: 0}
  m_UseLightProbes: 0
  m_LightProbeAnchor: {fileID: 0}
  m_ScaleInLightmap: 1
  m_SortingLayerID: 0
  m_SortingOrder: -5
  m_Sprite: {fileID: 21300000, guid: d27cb69a8e1b36644a0dda5d50e0c32a, type: 3}
  m_Color: {r: 1, g: 1, b: 1, a: 1}
--- !u!4 &245179525
Transform:
  m_ObjectHideFlags: 0
  m_PrefabParentObject: {fileID: 0}
  m_PrefabInternal: {fileID: 0}
  m_GameObject: {fileID: 245179522}
  m_LocalRotation: {x: 0, y: 0, z: 0, w: 1}
  m_LocalPosition: {x: 0, y: 0, z: 0}
  m_LocalScale: {x: 10, y: 10, z: 1}
  m_Children: []
  m_Father: {fileID: 0}
  m_RootOrder: 6
--- !u!1001 &463726740
Prefab:
  m_ObjectHideFlags: 0
  serializedVersion: 2
  m_Modification:
    m_TransformParent: {fileID: 0}
    m_Modifications:
    - target: {fileID: 400000, guid: 2a5c2ceba2d4692409b6cbb7070848fd, type: 2}
      propertyPath: m_LocalPosition.x
      value: 11.2066135
      objectReference: {fileID: 0}
    - target: {fileID: 400000, guid: 2a5c2ceba2d4692409b6cbb7070848fd, type: 2}
      propertyPath: m_LocalPosition.y
      value: 2.35747719
      objectReference: {fileID: 0}
    - target: {fileID: 400000, guid: 2a5c2ceba2d4692409b6cbb7070848fd, type: 2}
      propertyPath: m_LocalPosition.z
      value: 0
      objectReference: {fileID: 0}
    - target: {fileID: 400000, guid: 2a5c2ceba2d4692409b6cbb7070848fd, type: 2}
      propertyPath: m_LocalRotation.x
      value: 0
      objectReference: {fileID: 0}
    - target: {fileID: 400000, guid: 2a5c2ceba2d4692409b6cbb7070848fd, type: 2}
      propertyPath: m_LocalRotation.y
      value: 0
      objectReference: {fileID: 0}
    - target: {fileID: 400000, guid: 2a5c2ceba2d4692409b6cbb7070848fd, type: 2}
      propertyPath: m_LocalRotation.z
      value: 0
      objectReference: {fileID: 0}
    - target: {fileID: 400000, guid: 2a5c2ceba2d4692409b6cbb7070848fd, type: 2}
      propertyPath: m_LocalRotation.w
      value: 1
      objectReference: {fileID: 0}
    - target: {fileID: 400000, guid: 2a5c2ceba2d4692409b6cbb7070848fd, type: 2}
      propertyPath: m_RootOrder
      value: 5
      objectReference: {fileID: 0}
    - target: {fileID: 6500000, guid: 2a5c2ceba2d4692409b6cbb7070848fd, type: 2}
      propertyPath: m_Size.x
      value: 1
      objectReference: {fileID: 0}
    - target: {fileID: 6500000, guid: 2a5c2ceba2d4692409b6cbb7070848fd, type: 2}
      propertyPath: m_Size.y
      value: 1
      objectReference: {fileID: 0}
    m_RemovedComponents: []
  m_ParentPrefab: {fileID: 100100000, guid: 2a5c2ceba2d4692409b6cbb7070848fd, type: 2}
  m_RootGameObject: {fileID: 766661788}
  m_IsPrefabParent: 0
  m_IsExploded: 1
--- !u!1 &615592638
GameObject:
  m_ObjectHideFlags: 0
  m_PrefabParentObject: {fileID: 0}
  m_PrefabInternal: {fileID: 0}
  serializedVersion: 4
  m_Component:
  - 4: {fileID: 615592643}
  - 20: {fileID: 615592642}
  - 92: {fileID: 615592641}
  - 124: {fileID: 615592640}
  - 81: {fileID: 615592639}
  m_Layer: 0
  m_Name: Main Camera
  m_TagString: MainCamera
  m_Icon: {fileID: 0}
  m_NavMeshLayer: 0
  m_StaticEditorFlags: 0
  m_IsActive: 1
--- !u!81 &615592639
AudioListener:
  m_ObjectHideFlags: 0
  m_PrefabParentObject: {fileID: 0}
  m_PrefabInternal: {fileID: 0}
  m_GameObject: {fileID: 615592638}
  m_Enabled: 1
--- !u!124 &615592640
Behaviour:
  m_ObjectHideFlags: 0
  m_PrefabParentObject: {fileID: 0}
  m_PrefabInternal: {fileID: 0}
  m_GameObject: {fileID: 615592638}
  m_Enabled: 1
--- !u!92 &615592641
Behaviour:
  m_ObjectHideFlags: 0
  m_PrefabParentObject: {fileID: 0}
  m_PrefabInternal: {fileID: 0}
  m_GameObject: {fileID: 615592638}
  m_Enabled: 1
--- !u!20 &615592642
Camera:
  m_ObjectHideFlags: 0
  m_PrefabParentObject: {fileID: 0}
  m_PrefabInternal: {fileID: 0}
  m_GameObject: {fileID: 615592638}
  m_Enabled: 1
  serializedVersion: 2
  m_ClearFlags: 1
  m_BackGroundColor: {r: .192156866, g: .301960796, b: .474509805, a: .0196078438}
  m_NormalizedViewPortRect:
    serializedVersion: 2
    x: 0
    y: 0
    width: 1
    height: 1
  near clip plane: .300000012
  far clip plane: 1000
  field of view: 60
  orthographic: 1
  orthographic size: 8
  m_Depth: -1
  m_CullingMask:
    serializedVersion: 2
    m_Bits: 4294967295
  m_RenderingPath: -1
  m_TargetTexture: {fileID: 0}
  m_TargetDisplay: 0
  m_HDR: 0
  m_OcclusionCulling: 1
  m_StereoConvergence: 10
  m_StereoSeparation: .0219999999
--- !u!4 &615592643
Transform:
  m_ObjectHideFlags: 0
  m_PrefabParentObject: {fileID: 0}
  m_PrefabInternal: {fileID: 0}
  m_GameObject: {fileID: 615592638}
  m_LocalRotation: {x: 0, y: 0, z: 0, w: 1}
  m_LocalPosition: {x: 0, y: 2.21000004, z: -10}
  m_LocalScale: {x: 1, y: 1, z: 1}
  m_Children: []
  m_Father: {fileID: 0}
  m_RootOrder: 1
--- !u!1 &766661788
GameObject:
  m_ObjectHideFlags: 0
  m_PrefabParentObject: {fileID: 100000, guid: 2a5c2ceba2d4692409b6cbb7070848fd, type: 2}
  m_PrefabInternal: {fileID: 463726740}
  serializedVersion: 4
  m_Component:
  - 4: {fileID: 766661790}
  - 114: {fileID: 766661789}
  m_Layer: 0
  m_Name: Enemy
  m_TagString: Untagged
  m_Icon: {fileID: 0}
  m_NavMeshLayer: 0
  m_StaticEditorFlags: 0
  m_IsActive: 1
--- !u!114 &766661789
MonoBehaviour:
  m_ObjectHideFlags: 0
  m_PrefabParentObject: {fileID: 11400000, guid: 2a5c2ceba2d4692409b6cbb7070848fd,
    type: 2}
  m_PrefabInternal: {fileID: 463726740}
  m_GameObject: {fileID: 766661788}
  m_Enabled: 1
  m_EditorHideFlags: 0
  m_Script: {fileID: 11500000, guid: 15c7424d58de47a49994910b6fe3787a, type: 3}
  m_Name: 
  m_EditorClassIdentifier: 
  hitpoints: 20
--- !u!4 &766661790
Transform:
  m_ObjectHideFlags: 0
  m_PrefabParentObject: {fileID: 400000, guid: 2a5c2ceba2d4692409b6cbb7070848fd, type: 2}
  m_PrefabInternal: {fileID: 463726740}
  m_GameObject: {fileID: 766661788}
  m_LocalRotation: {x: 0, y: 0, z: 0, w: 1}
  m_LocalPosition: {x: 11.2066135, y: 2.35747719, z: 0}
  m_LocalScale: {x: 1, y: 1, z: 1}
  m_Children:
  - {fileID: 2114881922}
  m_Father: {fileID: 0}
  m_RootOrder: 5
--- !u!1 &835670709
GameObject:
  m_ObjectHideFlags: 0
  m_PrefabParentObject: {fileID: 0}
  m_PrefabInternal: {fileID: 0}
  serializedVersion: 4
  m_Component:
  - 4: {fileID: 835670710}
  m_Layer: 0
  m_Name: SpawnSpot
  m_TagString: Untagged
  m_Icon: {fileID: 0}
  m_NavMeshLayer: 0
  m_StaticEditorFlags: 0
  m_IsActive: 1
--- !u!4 &835670710
Transform:
  m_ObjectHideFlags: 0
  m_PrefabParentObject: {fileID: 0}
  m_PrefabInternal: {fileID: 0}
  m_GameObject: {fileID: 835670709}
  m_LocalRotation: {x: 0, y: 0, z: 0, w: 1}
  m_LocalPosition: {x: 0, y: 2.67000008, z: 0}
  m_LocalScale: {x: 1, y: 1, z: 1}
  m_Children: []
  m_Father: {fileID: 0}
  m_RootOrder: 4
--- !u!1 &899041162
GameObject:
  m_ObjectHideFlags: 0
  m_PrefabParentObject: {fileID: 0}
  m_PrefabInternal: {fileID: 0}
  serializedVersion: 4
  m_Component:
  - 4: {fileID: 899041163}
  - 65: {fileID: 899041164}
  m_Layer: 0
  m_Name: ShootCollider
  m_TagString: Untagged
  m_Icon: {fileID: 0}
  m_NavMeshLayer: 0
  m_StaticEditorFlags: 0
  m_IsActive: 1
--- !u!4 &899041163
Transform:
  m_ObjectHideFlags: 0
  m_PrefabParentObject: {fileID: 0}
  m_PrefabInternal: {fileID: 0}
  m_GameObject: {fileID: 899041162}
  m_LocalRotation: {x: 0, y: 0, z: 0, w: 1}
  m_LocalPosition: {x: 0, y: 0, z: 0}
  m_LocalScale: {x: 1, y: 1, z: 1}
  m_Children: []
  m_Father: {fileID: 202283374}
  m_RootOrder: 0
--- !u!65 &899041164
BoxCollider:
  m_ObjectHideFlags: 0
  m_PrefabParentObject: {fileID: 0}
  m_PrefabInternal: {fileID: 0}
  m_GameObject: {fileID: 899041162}
  m_Material: {fileID: 0}
  m_IsTrigger: 0
  m_Enabled: 1
  serializedVersion: 2
  m_Size: {x: 1, y: 1, z: 1}
  m_Center: {x: 0, y: 0, z: 0}
--- !u!1 &999020281
GameObject:
  m_ObjectHideFlags: 0
  m_PrefabParentObject: {fileID: 0}
  m_PrefabInternal: {fileID: 0}
  serializedVersion: 4
  m_Component:
  - 4: {fileID: 999020282}
  - 65: {fileID: 999020283}
  m_Layer: 0
  m_Name: ShootCollider
  m_TagString: Untagged
  m_Icon: {fileID: 0}
  m_NavMeshLayer: 0
  m_StaticEditorFlags: 0
  m_IsActive: 1
--- !u!4 &999020282
Transform:
  m_ObjectHideFlags: 0
  m_PrefabParentObject: {fileID: 0}
  m_PrefabInternal: {fileID: 0}
  m_GameObject: {fileID: 999020281}
  m_LocalRotation: {x: 0, y: 0, z: 0, w: 1}
  m_LocalPosition: {x: 0, y: 0, z: 0}
  m_LocalScale: {x: 1, y: 1, z: 1}
  m_Children: []
  m_Father: {fileID: 114598349}
  m_RootOrder: 0
--- !u!65 &999020283
BoxCollider:
  m_ObjectHideFlags: 0
  m_PrefabParentObject: {fileID: 0}
  m_PrefabInternal: {fileID: 0}
  m_GameObject: {fileID: 999020281}
  m_Material: {fileID: 0}
  m_IsTrigger: 0
  m_Enabled: 1
  serializedVersion: 2
  m_Size: {x: 1, y: 1, z: 1}
  m_Center: {x: 0, y: 0, z: 0}
--- !u!1 &1160278946
GameObject:
  m_ObjectHideFlags: 0
  m_PrefabParentObject: {fileID: 0}
  m_PrefabInternal: {fileID: 0}
  serializedVersion: 4
  m_Component:
  - 4: {fileID: 1160278947}
  - 114: {fileID: 1160278948}
  - 114: {fileID: 1160278949}
  - 82: {fileID: 1160278951}
  - 82: {fileID: 1160278950}
  m_Layer: 0
  m_Name: _Script Objects
  m_TagString: Untagged
  m_Icon: {fileID: 0}
  m_NavMeshLayer: 0
  m_StaticEditorFlags: 0
  m_IsActive: 1
--- !u!4 &1160278947
Transform:
  m_ObjectHideFlags: 0
  m_PrefabParentObject: {fileID: 0}
  m_PrefabInternal: {fileID: 0}
  m_GameObject: {fileID: 1160278946}
  m_LocalRotation: {x: 0, y: 0, z: 0, w: 1}
  m_LocalPosition: {x: 0, y: 0, z: 0}
  m_LocalScale: {x: 1, y: 1, z: 1}
  m_Children: []
  m_Father: {fileID: 0}
  m_RootOrder: 0
--- !u!114 &1160278948
MonoBehaviour:
  m_ObjectHideFlags: 0
  m_PrefabParentObject: {fileID: 0}
  m_PrefabInternal: {fileID: 0}
  m_GameObject: {fileID: 1160278946}
  m_Enabled: 1
  m_EditorHideFlags: 0
  m_Script: {fileID: 11500000, guid: 7275a0cad211801449c07d9842e74b08, type: 3}
  m_Name: 
  m_EditorClassIdentifier: 
  offlineMode: 0
  SPAWN_TIME: 6.5
  thetexture: {fileID: 2800000, guid: 75dc2e8f2f8f0464eb69c1ce0fde1acf, type: 3}
  MAX_SPAWN: 25
  menuSong: {fileID: 8300000, guid: f896382cdf1db1f4f958d374517b6810, type: 3}
  pveSong: {fileID: 8300000, guid: fba44c6300a45984f89429ea655a2152, type: 3}
  standbyCamera: {fileID: 615592638}
--- !u!114 &1160278949
MonoBehaviour:
  m_ObjectHideFlags: 0
  m_PrefabParentObject: {fileID: 0}
  m_PrefabInternal: {fileID: 0}
  m_GameObject: {fileID: 1160278946}
  m_Enabled: 1
  m_EditorHideFlags: 0
  m_Script: {fileID: 11500000, guid: aa584fbee541324448dd18d8409c7a41, type: 3}
  m_Name: 
  m_EditorClassIdentifier: 
  subId: 1
  ownerId: 0
  group: 0
  prefixBackup: -1
  observed: {fileID: 0}
  synchronization: 0
  onSerializeTransformOption: 3
  onSerializeRigidBodyOption: 2
  instantiationId: 0
--- !u!82 &1160278950
AudioSource:
  m_ObjectHideFlags: 0
  m_PrefabParentObject: {fileID: 0}
  m_PrefabInternal: {fileID: 0}
  m_GameObject: {fileID: 1160278946}
  m_Enabled: 1
  serializedVersion: 3
  m_audioClip: {fileID: 8300000, guid: fba44c6300a45984f89429ea655a2152, type: 3}
  m_PlayOnAwake: 1
  m_Volume: 1
  m_Pitch: 1
  Loop: 0
  Mute: 0
  Priority: 128
  DopplerLevel: 1
  MinDistance: 1
  MaxDistance: 500
  Pan2D: 0
  rolloffMode: 0
  BypassEffects: 0
  BypassListenerEffects: 0
  BypassReverbZones: 0
  rolloffCustomCurve:
    serializedVersion: 2
    m_Curve:
    - time: 0
      value: 1
      inSlope: 0
      outSlope: 0
      tangentMode: 0
    - time: 1
      value: 0
      inSlope: 0
      outSlope: 0
      tangentMode: 0
    m_PreInfinity: 2
    m_PostInfinity: 2
  panLevelCustomCurve:
    serializedVersion: 2
    m_Curve:
    - time: 0
      value: 1
      inSlope: 0
      outSlope: 0
      tangentMode: 0
    m_PreInfinity: 2
    m_PostInfinity: 2
  spreadCustomCurve:
    serializedVersion: 2
    m_Curve:
    - time: 0
      value: 0
      inSlope: 0
      outSlope: 0
      tangentMode: 0
    m_PreInfinity: 2
    m_PostInfinity: 2
--- !u!82 &1160278951
AudioSource:
  m_ObjectHideFlags: 0
  m_PrefabParentObject: {fileID: 0}
  m_PrefabInternal: {fileID: 0}
  m_GameObject: {fileID: 1160278946}
  m_Enabled: 1
  serializedVersion: 3
  m_audioClip: {fileID: 8300000, guid: f896382cdf1db1f4f958d374517b6810, type: 3}
  m_PlayOnAwake: 1
  m_Volume: 1
  m_Pitch: 1
  Loop: 0
  Mute: 0
  Priority: 128
  DopplerLevel: 1
  MinDistance: 1
  MaxDistance: 500
  Pan2D: 0
  rolloffMode: 0
  BypassEffects: 0
  BypassListenerEffects: 0
  BypassReverbZones: 0
  rolloffCustomCurve:
    serializedVersion: 2
    m_Curve:
    - time: 0
      value: 1
      inSlope: 0
      outSlope: 0
      tangentMode: 0
    - time: 1
      value: 0
      inSlope: 0
      outSlope: 0
      tangentMode: 0
    m_PreInfinity: 2
    m_PostInfinity: 2
  panLevelCustomCurve:
    serializedVersion: 2
    m_Curve:
    - time: 0
      value: 1
      inSlope: 0
      outSlope: 0
      tangentMode: 0
    m_PreInfinity: 2
    m_PostInfinity: 2
  spreadCustomCurve:
    serializedVersion: 2
    m_Curve:
    - time: 0
      value: 0
      inSlope: 0
      outSlope: 0
      tangentMode: 0
    m_PreInfinity: 2
    m_PostInfinity: 2
--- !u!1 &1683238784
GameObject:
  m_ObjectHideFlags: 0
  m_PrefabParentObject: {fileID: 0}
  m_PrefabInternal: {fileID: 0}
  serializedVersion: 4
  m_Component:
  - 4: {fileID: 1683238786}
  - 212: {fileID: 1683238785}
  m_Layer: 0
  m_Name: Spaceship_final_3
  m_TagString: Untagged
  m_Icon: {fileID: 0}
  m_NavMeshLayer: 0
  m_StaticEditorFlags: 0
  m_IsActive: 1
--- !u!212 &1683238785
SpriteRenderer:
  m_ObjectHideFlags: 0
  m_PrefabParentObject: {fileID: 0}
  m_PrefabInternal: {fileID: 0}
  m_GameObject: {fileID: 1683238784}
  m_Enabled: 1
  m_CastShadows: 0
  m_ReceiveShadows: 0
  m_LightmapIndex: 255
  m_LightmapTilingOffset: {x: 1, y: 1, z: 0, w: 0}
  m_Materials:
  - {fileID: 10754, guid: 0000000000000000e000000000000000, type: 0}
  m_SubsetIndices: 
  m_StaticBatchRoot: {fileID: 0}
  m_UseLightProbes: 0
  m_LightProbeAnchor: {fileID: 0}
  m_ScaleInLightmap: 1
  m_SortingLayerID: 0
  m_SortingOrder: -3
  m_Sprite: {fileID: 21300006, guid: d27cb69a8e1b36644a0dda5d50e0c32a, type: 3}
  m_Color: {r: 1, g: 1, b: 1, a: 1}
--- !u!4 &1683238786
Transform:
  m_ObjectHideFlags: 0
  m_PrefabParentObject: {fileID: 0}
  m_PrefabInternal: {fileID: 0}
  m_GameObject: {fileID: 1683238784}
  m_LocalRotation: {x: 0, y: 0, z: 0, w: 1}
  m_LocalPosition: {x: -1.05124283, y: -1.62452221, z: 0}
  m_LocalScale: {x: 10, y: 10, z: 1}
  m_Children: []
  m_Father: {fileID: 0}
  m_RootOrder: 7
--- !u!1 &1704703763
GameObject:
  m_ObjectHideFlags: 0
  m_PrefabParentObject: {fileID: 0}
  m_PrefabInternal: {fileID: 0}
  serializedVersion: 4
  m_Component:
  - 4: {fileID: 1704703764}
  m_Layer: 0
  m_Name: spawn3
  m_TagString: Spawner
  m_Icon: {fileID: 0}
  m_NavMeshLayer: 0
  m_StaticEditorFlags: 0
  m_IsActive: 1
--- !u!4 &1704703764
Transform:
  m_ObjectHideFlags: 0
  m_PrefabParentObject: {fileID: 0}
  m_PrefabInternal: {fileID: 0}
  m_GameObject: {fileID: 1704703763}
  m_LocalRotation: {x: 0, y: 0, z: 0, w: 1}
  m_LocalPosition: {x: 21.8153896, y: -8.3154335, z: 0}
  m_LocalScale: {x: 1, y: 1, z: 1}
  m_Children: []
  m_Father: {fileID: 0}
  m_RootOrder: 10
--- !u!1 &2114881921
GameObject:
  m_ObjectHideFlags: 0
  m_PrefabParentObject: {fileID: 100002, guid: 2a5c2ceba2d4692409b6cbb7070848fd, type: 2}
  m_PrefabInternal: {fileID: 463726740}
  serializedVersion: 4
  m_Component:
  - 4: {fileID: 2114881922}
  - 33: {fileID: 2114881925}
  - 65: {fileID: 2114881924}
  - 23: {fileID: 2114881923}
  m_Layer: 0
  m_Name: Cube
  m_TagString: Untagged
  m_Icon: {fileID: 0}
  m_NavMeshLayer: 0
  m_StaticEditorFlags: 0
  m_IsActive: 1
--- !u!4 &2114881922
Transform:
  m_ObjectHideFlags: 0
  m_PrefabParentObject: {fileID: 400002, guid: 2a5c2ceba2d4692409b6cbb7070848fd, type: 2}
  m_PrefabInternal: {fileID: 463726740}
  m_GameObject: {fileID: 2114881921}
  m_LocalRotation: {x: 0, y: 0, z: 0, w: 1}
  m_LocalPosition: {x: 0, y: 0, z: 0}
  m_LocalScale: {x: 1, y: 1, z: 1}
  m_Children: []
  m_Father: {fileID: 766661790}
  m_RootOrder: 0
--- !u!23 &2114881923
Renderer:
  m_ObjectHideFlags: 0
  m_PrefabParentObject: {fileID: 2300000, guid: 2a5c2ceba2d4692409b6cbb7070848fd,
    type: 2}
  m_PrefabInternal: {fileID: 463726740}
  m_GameObject: {fileID: 2114881921}
  m_Enabled: 1
  m_CastShadows: 1
  m_ReceiveShadows: 1
  m_LightmapIndex: 255
  m_LightmapTilingOffset: {x: 1, y: 1, z: 0, w: 0}
  m_Materials:
  - {fileID: 10302, guid: 0000000000000000f000000000000000, type: 0}
  m_SubsetIndices: 
  m_StaticBatchRoot: {fileID: 0}
  m_UseLightProbes: 0
  m_LightProbeAnchor: {fileID: 0}
  m_ScaleInLightmap: 1
  m_SortingLayerID: 0
  m_SortingOrder: 0
--- !u!65 &2114881924
BoxCollider:
  m_ObjectHideFlags: 0
  m_PrefabParentObject: {fileID: 6500000, guid: 2a5c2ceba2d4692409b6cbb7070848fd,
    type: 2}
  m_PrefabInternal: {fileID: 463726740}
  m_GameObject: {fileID: 2114881921}
  m_Material: {fileID: 0}
  m_IsTrigger: 0
  m_Enabled: 1
  serializedVersion: 2
  m_Size: {x: 1, y: 1, z: 1}
  m_Center: {x: 0, y: 0, z: 0}
--- !u!33 &2114881925
MeshFilter:
  m_ObjectHideFlags: 0
  m_PrefabParentObject: {fileID: 3300000, guid: 2a5c2ceba2d4692409b6cbb7070848fd,
    type: 2}
  m_PrefabInternal: {fileID: 463726740}
  m_GameObject: {fileID: 2114881921}
  m_Mesh: {fileID: 10202, guid: 0000000000000000e000000000000000, type: 0}
